<?xml version="1.0"?>
<marc:collection xmlns:marc="http://www.loc.gov/MARC21/slim" xmlns:xsi="http://www.w3.org/2001/XMLSchema-instance" xsi:schemaLocation="http://www.loc.gov/MARC21/slim http://www.loc.gov/standards/marcxml/schema/MARC21slim.xsd">
   <marc:record type="Bibliographic">
      <marc:leader>01685cam a22003735  4500</marc:leader>
      <marc:controlfield tag="001">1536387</marc:controlfield>
      <marc:controlfield tag="003">NjP</marc:controlfield>
      <marc:controlfield tag="005">20130408163608.0</marc:controlfield>
      <marc:controlfield tag="008">880914r19641861iq            000 0 arard</marc:controlfield>
      <marc:datafield tag="024" ind1="7" ind2=" ">
         <marc:subfield code="a">princeton_aco000099</marc:subfield>
         <marc:subfield code="2">local</marc:subfield>
      </marc:datafield>
      <marc:datafield tag="010" ind1=" " ind2=" ">
         <marc:subfield code="a">ne 67001621 </marc:subfield>
      </marc:datafield>
      <marc:datafield tag="035" ind1=" " ind2=" ">
         <marc:subfield code="a">(OCoLC)ocn177156344</marc:subfield>
      </marc:datafield>
      <marc:datafield tag="035" ind1=" " ind2=" ">
         <marc:subfield code="a">(OCoLC)ocm18484128</marc:subfield>
      </marc:datafield>
      <marc:datafield tag="035" ind1=" " ind2=" ">
         <marc:subfield code="a">(OCoLC)177156344</marc:subfield>
      </marc:datafield>
      <marc:datafield tag="035" ind1=" " ind2=" ">
         <marc:subfield code="9">CEU3143TS</marc:subfield>
      </marc:datafield>
      <marc:datafield tag="035" ind1=" " ind2=" ">
         <marc:subfield code="a">(NjP)1536387</marc:subfield>
      </marc:datafield>
      <marc:datafield tag="040" ind1=" " ind2=" ">
         <marc:subfield code="a">WAU</marc:subfield>
         <marc:subfield code="c">PUL</marc:subfield>
         <marc:subfield code="d">PUL</marc:subfield>
      </marc:datafield>
      <marc:datafield tag="049" ind1=" " ind2=" ">
         <marc:subfield code="a">PULL</marc:subfield>
      </marc:datafield>
      <marc:datafield tag="079" ind1=" " ind2=" ">
         <marc:subfield code="a">ocm18484128</marc:subfield>
         <marc:subfield code="z">ocm23486066</marc:subfield>
      </marc:datafield>
      <marc:datafield tag="100" ind1="1" ind2=" ">
         <marc:subfield code="6">880-01</marc:subfield>
         <marc:subfield code="a">Mutanabbi&#x304;, Abu&#x304; al-T&#x323;ayyib Ah&#x323;mad ibn al-H&#x323;usayn,</marc:subfield>
         <marc:subfield code="d">915 or 916-965</marc:subfield>
      </marc:datafield>
      <marc:datafield tag="245" ind1="1" ind2="0">
         <marc:subfield code="6">880-02</marc:subfield>
         <marc:subfield code="a">Di&#x304;wan,</marc:subfield>
         <marc:subfield code="c">wa fi&#x304; athna&#x304;&#x2BC; matnih sharh&#x323; al-Wah&#x323;idi&#x304; wa-arba &#x2BB;at faha&#x304;ris ta&#x2BC;li&#x304;f Friedrich Dieterici.</marc:subfield>
      </marc:datafield>
      <marc:datafield tag="260" ind1=" " ind2=" ">
         <marc:subfield code="6">880-03</marc:subfield>
         <marc:subfield code="a">Berlin,</marc:subfield>
         <marc:subfield code="c">1861</marc:subfield>
         <marc:subfield code="a">[Bagdad,</marc:subfield>
         <marc:subfield code="b">Maktabat-al-Muthanna&#x301;,</marc:subfield>
         <marc:subfield code="c">1964?]</marc:subfield>
      </marc:datafield>
      <marc:datafield tag="300" ind1=" " ind2=" ">
         <marc:subfield code="a">860, xiii p.</marc:subfield>
      </marc:datafield>
      <marc:datafield tag="500" ind1=" " ind2=" ">
         <marc:subfield code="a">Added t.p.: Diwan al-Mutanabbi&#x304;, with the commentary by Abi-l-Hasan Ali ibn Ahmad al-Wahidi al-Naisaburi.</marc:subfield>
      </marc:datafield>
      <marc:datafield tag="500" ind1=" " ind2=" ">
         <marc:subfield code="a">Photo-offset of the ed. of 1861, originally issued with a Latin t.p. which has not been reproduced: Mutanabbii Carmina cum commentario Wah&#x323;idii.</marc:subfield>
      </marc:datafield>
      <marc:datafield tag="700" ind1="1" ind2=" ">
         <marc:subfield code="a">Dieterici, Friedrich.</marc:subfield>
      </marc:datafield>
      <marc:datafield tag="740" ind1="0" ind2=" ">
         <marc:subfield code="6">880-04</marc:subfield>
         <marc:subfield code="a">Diwan al-Mutanabbi&#x304;.</marc:subfield>
      </marc:datafield>
      <marc:datafield tag="880" ind1="1" ind2=" ">
         <marc:subfield code="6">100-01/r</marc:subfield>
         <marc:subfield code="a">&#x645;&#x62A;&#x646;&#x628;&#x64A;&#x60C; &#x627;&#x628;&#x648; &#x627;&#x644;&#x637;&#x64A;&#x628; &#x627;&#x62D;&#x645;&#x62F; &#x628;&#x646; &#x627;&#x644;&#x62D;&#x633;&#x64A;&#x646;&#x60C;</marc:subfield>
         <marc:subfield code="d">915 or 16-965.</marc:subfield>
      </marc:datafield>
      <marc:datafield tag="880" ind1="1" ind2="0">
         <marc:subfield code="6">245-02/r</marc:subfield>
         <marc:subfield code="a">&#x62F;&#x64A;&#x648;&#x627;&#x646;&#x60C;</marc:subfield>
         <marc:subfield code="c">&#x648; &#x641;&#x64A; &#x627;&#x62B;&#x646;&#x627;&#x621; &#x645;&#x62A;&#x646;&#x647; &#x634;&#x631;&#x62D; &#x627;&#x644;&#x648;&#x62D;&#x62F;&#x64A; &#x648;&#x627;&#x631;&#x628; &#x639;&#x629; &#x641;&#x647;&#x627;&#x631;&#x633; &#x62A;&#x623;&#x644;&#x64A;&#x641; Friedrich Dieterici.</marc:subfield>
      </marc:datafield>
      <marc:datafield tag="880" ind1=" " ind2=" ">
         <marc:subfield code="6">260-03/r</marc:subfield>
         <marc:subfield code="a">Berlin&#x60C;</marc:subfield>
         <marc:subfield code="c">1861</marc:subfield>
         <marc:subfield code="a">[&#x628;&#x63A;&#x62F;&#x627;&#x62F;&#x60C;</marc:subfield>
         <marc:subfield code="b">&#x645;&#x643;&#x62A;&#x628;&#x629; &#x627;&#x644;&#x645;&#x62B;&#x646;&#x649;&#x60C;</marc:subfield>
         <marc:subfield code="c">1964&#x61F;]</marc:subfield>
      </marc:datafield>
      <marc:datafield tag="880" ind1="0" ind2=" ">
         <marc:subfield code="6">740-04/r</marc:subfield>
         <marc:subfield code="a">&#x62F;&#x64A;&#x648;&#x627;&#x646; &#x627;&#x644;&#x645;&#x62A;&#x646;&#x628;&#x64A;.</marc:subfield>
      </marc:datafield>
      <marc:datafield tag="852" ind1="0" ind2=" ">
         <marc:subfield code="b">nec</marc:subfield>
         <marc:subfield code="h">PJ7750</marc:subfield>
         <marc:subfield code="i">.M8 1964</marc:subfield>
         <marc:subfield code="p">1769508</marc:subfield>
         <marc:subfield code="x">reclassed from: 2272.695.1964</marc:subfield>
      </marc:datafield>
      <marc:datafield tag="947" ind1=" " ind2=" ">
         <marc:subfield code="a">CEU3143</marc:subfield>
      </marc:datafield>
      <marc:datafield tag="911" ind1=" " ind2=" ">
         <marc:subfield code="a">20000130</marc:subfield>
      </marc:datafield>
      <marc:datafield tag="994" ind1=" " ind2=" ">
         <marc:subfield code="a">C0</marc:subfield>
         <marc:subfield code="b">PUL</marc:subfield>
      </marc:datafield>
      <marc:datafield tag="999" ind1=" " ind2=" ">
         <marc:subfield code="a">1536387</marc:subfield>
      </marc:datafield>
   </marc:record>
</marc:collection>
